@article{garnelo2016towards,
  title={Towards deep symbolic reinforcement learning},
  author={Garnelo, Marta and Arulkumaran, Kai and Shanahan, Murray},
  journal={arXiv preprint arXiv:1609.05518},
  year={2016}
}
